<record><leader>00000cas a2200000 a 4500</leader><controlfield tag="001">1766312</controlfield><controlfield tag="008">751101d19uu19uumaumr ne      0    0eng d</controlfield><datafield ind1=" " ind2=" " tag="010"><subfield code="a">sn2004060358</subfield></datafield><datafield ind1=" " ind2=" " tag="040"><subfield code="a">MUL</subfield><subfield code="b">eng</subfield><subfield code="c">MUL</subfield><subfield code="d">OCLCQ</subfield><subfield code="d">NYS</subfield><subfield code="d">OCLCQ</subfield><subfield code="d">ORZ</subfield></datafield><datafield ind1=" " ind2=" " tag="043"><subfield code="a">n-us-ma</subfield></datafield><datafield ind1=" " ind2=" " tag="090"><subfield code="a">AN.A1</subfield><subfield code="b">U5</subfield></datafield><datafield ind1="0" ind2=" " tag="130"><subfield code="a">Speak easy (Attleboro, Mass.)</subfield></datafield><datafield ind1="1" ind2="0" tag="245"><subfield code="a">Speak easy.</subfield></datafield><datafield ind1=" " ind2=" " tag="260"><subfield code="a">Attleboro, Mass.</subfield></datafield><datafield ind1=" " ind2=" " tag="300"><subfield code="a">v. :</subfield><subfield code="b">ill.</subfield></datafield><datafield ind1=" " ind2=" " tag="310"><subfield code="a">Monthly</subfield></datafield><datafield ind1=" " ind2=" " tag="530"><subfield code="a">Available on microfilm from UMI (Underground newspaper/press collection).</subfield></datafield><datafield ind1=" " ind2=" " tag="588"><subfield code="a">Description based on: No. 7 (undated, 1968).</subfield></datafield><datafield ind1=" " ind2=" " tag="588"><subfield code="a">Latest issue consulted: Vol. 1, no. 6 (Apr. 1969).</subfield></datafield><datafield ind1=" " ind2="0" tag="650"><subfield code="a">Underground press publications</subfield><subfield code="z">Massachusetts</subfield><subfield code="z">Attleboro.</subfield></datafield><datafield ind1=" " ind2="0" tag="651"><subfield code="a">Attleboro (Mass.)</subfield><subfield code="v">Newspapers.</subfield></datafield><datafield ind1=" " ind2="0" tag="651"><subfield code="a">Bristol County (Mass.)</subfield><subfield code="v">Newspapers.</subfield></datafield><datafield ind1=" " ind2="7" tag="655"><subfield code="a">Underground periodicals</subfield><subfield code="z">Massachusetts</subfield><subfield code="z">Attleboro.</subfield><subfield code="2">ngl</subfield></datafield><datafield ind1=" " ind2=" " tag="752"><subfield code="a">United States</subfield><subfield code="b">Massachusetts</subfield><subfield code="c">Bristol</subfield><subfield code="d">Attleboro.</subfield></datafield><datafield ind1=" " ind2="0" tag="830"><subfield code="a">Underground newspaper collection.</subfield></datafield></record>